3368 5276
520 438 523 445 ⁴
581 402 826 483 PRAEFATIO.
1227 411 1250 479 5

152 562 223 621 echo
250 578 352 622 nomen
377 560 542 647 Ephracmii
567 587 623 631 non
649 568 768 655 iegitnr;
798 591 889 656 nequo
913 569 943 636 id
965 591 1023 657 ego
1047 570 1249 649 divinaviaaem,

152 675 206 739 nisi
227 689 387 763 comparato
408 680 506 746 codice
523 706 583 747 cnm
600 686 717 753 laudatio
734 689 771 753 ah
788 689 892 754 Aliatio
908 688 1069 775 fragmentis
1085 689 1154 754 mihi
1171 691 1249 754 inno·

151 793 256 859 tniaaat.
299 811 424 883 anpereat
449 823 523 890 ergo
546 817 575 870 nt
598 805 715 870 Aiiatina
731 808 779 871 rei
795 810 878 874 alium
895 809 1020 873 codicem
1036 831 1107 895 prae
1124 809 1250 873 manihna

151 909 295 989 hahuerit,
327 917 375 981 vel
401 932 480 986 corte
504 921 664 990 Vaticanum
685 928 803 993 nondum
820 926 1012 994 tanacetum
1029 927 1190 1014 acephaimn
1207 925 1248 990 le

149 1032 240 1117 gerit,
272 1055 374 1119 pancas
400 1052 491 1105 autem
516 1046 667 1110 varietates
684 1047 746 1134 ipsc
764 1047 924 1113 exscribens
944 1047 1081 1113 effecerit.
1124 1044 1251 1132 proiecto

150 1171 213 1216 cmm
240 1151 336 1220 ioiinm
363 1160 546 1226 tantumnodo
571 1165 689 1251 primum
715 1187 734 1228 a
761 1167 863 1233 codice
885 1167 972 1244 absit,
1003 1167 1033 1232 in
1064 1186 1118 1252 quo
1150 1140 1252 1227 nomon

149 1271 272 1334 anctoria
299 1294 363 1340 caca
391 1277 500 1357 debuit,
528 1281 612 1349 vaide
637 1285 763 1371 rnapicor
787 1298 851 1371 post
872 1284 968 1349 Allatii
991 1296 1111 1349 aetatem
1128 1281 1157 1347 id
1176 1280 1250 1346 cxci·

149 1384 241 1462 dimo,
273 1409 336 1458 oum
355 1395 447 1463 codex
464 1399 516 1464 Pio
532 1384 579 1465 vl'
590 1414 741 1487 regnante,
770 1403 846 1465 onina
863 1423 933 1466 nuno
953 1412 1096 1467 stemmata
1113 1400 1205 1487 gerit,
1233 1421 1253 1462 a

147 1505 315 1598 hihiiopego
340 1526 504 1599 compactor
522 1516 581 1582 tuit.
625 1526 655 1579 et
676 1536 744 1578 aare
766 1517 834 1583 mihi
858 1530 970 1582 narrant
991 1518 1074 1583 muita
1096 1515 1252 1581 huiuamodi

149 1629 248 1696 damna
265 1631 304 1696 ch
322 1652 472 1719 operarum
489 1633 595 1697 inscitia
614 1634 754 1700 Vaticanis
769 1635 926 1713 codicibus,
944 1636 1107 1721 praaaertim
1122 1636 1249 1711 Graecia,

148 1747 294 1817 accidisse.
337 1749 388 1815 aed
412 1749 450 1815 dc
473 1750 571 1816 codice
594 1751 736 1819 hactcnna.
781 1755 836 1820 iam
863 1778 924 1821 erm
948 1777 1039 1840 neque
1056 1754 1189 1831 Allatiua,
1221 1765 1250 1818 nt

148 1869 227 1948 elixi,
262 1889 354 1955 neque
382 1867 432 1934 alii
459 1869 559 1936 eruditi
586 1872 730 1959 quicquam
761 1873 798 1938 dc
828 1874 999 1961 Ephraemio
1031 1870 1250 1960 chronographo

145 2009 264 2054 narrare
290 1986 451 2067 videantur,
482 1989 551 2055 mihi
576 1991 687 2078 quidem
709 1992 747 2057 dc
768 1994 830 2059 viro
850 1992 907 2058 hoc
926 1993 1070 2082 quaerenti
1088 1990 1253 2056 occurrebat

145 2109 331 2196 Ephraemina
357 2108 423 2187 illc,
454 2130 537 2196 quom
563 2108 702 2177 lohannca
725 2112 780 2178 xu
810 2112 970 2199 patriarcha
1001 2110 1159 2200 Cpolitanna
1185 2120 1251 2173 anto

146 2251 255 2295 aaaron
279 2250 356 2294 mm
380 2228 543 2316 dignitatem
557 2228 693 2318 legitimia
709 2234 809 2319 nuptiia
827 2233 936 2321 gennit;
963 2233 1072 2319 dequo
1090 2228 1250 2294 nominatim

146 2349 320 2435 Ephraomio
346 2345 436 2415 verba
463 2347 530 2413 facit
555 2347 743 2439 Pachpmerea
759 2351 788 2415 in
805 2349 940 2436 pracdicti
957 2348 1134 2437 patriarchae
1151 2346 1248 2412 notitia

146 2482 213 2536 tom.
234 2476 253 2539 2
275 2466 366 2535 riht
391 2472 448 2544 11,
479 2467 544 2533 dnm
570 2471 609 2534 ait
636 2471 785 2556 episcopor
811 2470 884 2536 intar
909 2481 1019 2536 ceteras
1045 2466 1250 2533 criminationea

144 2589 334 2677 patriarcham
355 2585 573 2673 reprehendimo
596 2586 670 2675 qnod
687 2586 762 2652 hona
780 2588 917 2654 cedenac
932 2587 1105 2674 Ephracmio
1122 2583 1181 2649 filio
1199 2604 1250 2650 ano

146 2711 332 2799 dispensanda
355 2704 541 2794 relinqueret,
566 2728 622 2773 non
644 2710 789 2774 constituto
811 2720 892 2795 prout
912 2708 994 2797 leger
1014 2703 1146 2774 inhehant
1165 2724 1248 2768 oeco-

144 2851 243 2898 nomo.
285 2848 388 2917 reapse
413 2838 444 2891 at
466 2837 562 2892 noater
585 2825 817 2915 chronographos
834 2829 864 2893 in
880 2826 1101 2915 patriarcharum
1118 2823 1248 2909 catalogo

142 2960 283 3017 memorat
300 2947 448 3013 mucclam
467 2943 598 3011 lohannia
609 2944 661 3012 xil
681 2945 784 3025 titium
805 2947 856 3013 aed
874 2947 911 3012 de
928 2968 960 3012 ae
978 2948 1039 3033 ipao
1056 2943 1130 3009 hand
1146 2942 1250 3008 diserte

1 3105 2 3142 i
142 3070 223 3156 loqui
254 3067 398 3163 significat.
442 3078 590 3132 attamen
615 3078 693 3131 actaa
724 3067 852 3154 apprimo
881 3065 1023 3153 congruit:
1053 3084 1172 3151 namque
1199 3060 1248 3126 hic

1 3201 2 3244 ἶ
143 3188 285 3256 iohannea
323 3185 539 3276 patriarchatum
568 3184 677 3250 retinnit
707 3207 793 3274 neque
824 3184 861 3249 ad
892 3182 996 3249 Christi
1027 3203 1126 3247 annno
1154 3176 1246 3256 1304,
1298 3190 1304 3207 '

142 3321 241 3374 noster
271 3320 362 3374 antem
392 3303 578 3393 Ephraemiua
608 3300 759 3368 chronicon
786 3327 863 3368 annm
890 3322 964 3366 anno
993 3303 1074 3366 1313
1101 3296 1247 3363 concludit.

143 3431 202 3496 ian
222 3449 282 3516 ego
302 3427 393 3491 tone·
410 3421 616 3510 Ephraemioae
636 3419 838 3508 chronologiae
857 3418 997 3506 comperi,
1025 3408 1165 3484 Zonaram
1186 3417 1245 3500 qui·

1 3611 2 3616 ,
144 3547 211 3613 dem
230 3566 317 3634 mque
337 3544 375 3611 ad
395 3542 490 3609 hierii
510 3542 525 3607 1
555 3541 691 3607 comneni
711 3539 832 3616 obitum,
863 3538 990 3604 Nicetam
1018 3536 1182 3604 Choniatam
1201 3557 1246 3600 aa·

1 3745 2 3748 ¹
144 3686 202 3749 qne
223 3665 260 3729 ai
278 3660 475 3734 Baldninnml
504 3662 716 3748 imperatoriam,
748 3659 850 3726 deinde
864 3660 946 3724 'vero
975 3659 1128 3747 Georgium
1157 3657 1247 3723 Acro·

143 3783 269 3870 politam.
312 3803 372 3871 nge
391 3803 462 3848 raro
482 3780 556 3868 qnod
576 3779 762 3868 Ephraomiaa
781 3778 925 3846 historiam
946 3762 1056 3863 poetico
1072 3790 1162 3845 metro
1179 3796 1245 3841 con·

143 4101 273 4173 {anchei
290 4100 360 4176 etp,
387 4110 417 4161 at
437 4102 550 4162 Allatiur
571 4104 623 4163 loc.
646 4104 694 4160 cit.
715 4099 832 4172 ἐμπαθῆ
855 4099 939 4157 hice.
974 4101 1044 4173 epod
1066 4117 1108 4155 me
1129 4115 1158 4155 v.
1175 4097 1245 4156 7404

141 4185 381 4252 hemodos
396 4196 426 4246 et
440 4190 550 4247 Allatinr
566 4191 619 4247 loc.
637 4191 684 4246 cit.
700 4184 934 4251 tammonis.
968 4188 1039 4260 apnd
1054 4203 1096 4240 ma
1111 4202 1140 4240 v.
1160 4185 1245 4242 10866

140 4292 190 4377 που
214 4282 244 4333 et
266 4276 355 4334 10859
375 4271 489 4343 Moriar
513 4282 543 4335 at
563 4276 674 4334 Atrum
695 4293 753 4331 acco
776 4284 805 4333 et
826 4270 943 4345 iricio,
966 4282 998 4328 ut
1016 4270 1125 4346 proprio
1140 4271 1169 4328 in
1185 4272 1244 4328 loco

138 4360 211 4419 tun
